@book{CourseBook,
    author          = {Carlin, John B. and
                       Dunson, Davib  B. and
                       Gelman, Andrew and
                       Rubin, Donald and
                       Ster, Hal S. and
                       Vehtari, Aki},
    title           = {Bayesian Data Analysis},
    publisher       = {Chapman and Hall/CRC},
    year            = {2013},
    month           = {11},
    day             = {01},
    series          = {Chapman \& Hall/CRC Texts in Statistical Science},
    address         = {6000 Broken Sound Parkway, NW, Boca Raton, US},
    edition         = {3rd},
    note            = {Free PDF version for non-profit purposes: \url{https://users.aalto.fi/~ave/BDA3.pdf}}
}

@inbook{Chapter1Exercises,
    author       = {Carlin, John B. and
                    Dunson, David B. and
                    Gelman, Andrew and
                    Rubin, Donald and
                    Ster, Hal S. and
                    Vehtari, Aki},
    title        = {Bayesian Data Analysis},
    chapter      = {Chapter 1 Exercises},
    pages        = {27-28},
    publisher    = {Chapman and Hall/CRC},
    year         = {2013},
    edition      = {3rd},
    series       = {Chapman \& Hall/CRC Texts in Statistical Science},
    address      = {6000 Broken Sound Parkway, NW, Boca Raton, US}
}

@inbook{Chapter2Exercises,
    author       = {Carlin, John B. and
                    Dunson, David B. and
                    Gelman, Andrew and
                    Rubin, Donald and
                    Ster, Hal S. and
                    Vehtari, Aki},
    title        = {Bayesian Data Analysis},
    chapter      = {Chapter 1 Exercises},
    pages        = {57-60},
    publisher    = {Chapman and Hall/CRC},
    year         = {2013},
    edition      = {3rd},
    series       = {Chapman \& Hall/CRC Texts in Statistical Science},
    address      = {6000 Broken Sound Parkway, NW, Boca Raton, US}
}

@inbook{Chapter3Exercises,
    author       = {Carlin, John B. and
                    Dunson, David B. and
                    Gelman, Andrew and
                    Rubin, Donald and
                    Ster, Hal S. and
                    Vehtari, Aki},
    title        = {Bayesian Data Analysis},
    chapter      = {Chapter 1 Exercises},
    pages        = {79-80},
    publisher    = {Chapman and Hall/CRC},
    year         = {2013},
    edition      = {3rd},
    series       = {Chapman \& Hall/CRC Texts in Statistical Science},
    address      = {6000 Broken Sound Parkway, NW, Boca Raton, US}
}

@inbook{Chapter4Exercises,
    author       = {Carlin, John B. and
                    Dunson, David B. and
                    Gelman, Andrew and
                    Rubin, Donald and
                    Ster, Hal S. and
                    Vehtari, Aki},
    title        = {Bayesian Data Analysis},
    chapter      = {Chapter 1 Exercises},
    pages        = {98-100},
    publisher    = {Chapman and Hall/CRC},
    year         = {2013},
    edition      = {3rd},
    series       = {Chapman \& Hall/CRC Texts in Statistical Science},
    address      = {6000 Broken Sound Parkway, NW, Boca Raton, US}
}

@inbook{Chapter5Exercises,
    author       = {Carlin, John B. and
                    Dunson, David B. and
                    Gelman, Andrew and
                    Rubin, Donald and
                    Ster, Hal S. and
                    Vehtari, Aki},
    title        = {Bayesian Data Analysis},
    chapter      = {Chapter 1 Exercises},
    pages        = {134-137},
    publisher    = {Chapman and Hall/CRC},
    year         = {2013},
    edition      = {3rd},
    series       = {Chapman \& Hall/CRC Texts in Statistical Science},
    address      = {6000 Broken Sound Parkway, NW, Boca Raton, US}
}

@inbook{BioassayExample,
    author       = {Carlin, John B. and
                    Dunson, David B. and
                    Gelman, Andrew and
                    Rubin, Donald and
                    Ster, Hal S. and
                    Vehtari, Aki},
    title        = {Bayesian Data Analysis},
    chapter      = {Chapter 1 Exercises},
    pages        = {74-78},
    publisher    = {Chapman and Hall/CRC},
    year         = {2013},
    edition      = {3rd},
    series       = {Chapman \& Hall/CRC Texts in Statistical Science},
    address      = {6000 Broken Sound Parkway, NW, Boca Raton, US}
}

@misc{TheCourse,
    author          = {Palm, Bruna},
    title           = {MS2505: Bayesian Statistics},
    howpublished    = {Online},
    year            = {2024},
    month           = {LP2},
    url             = {https://bth.instructure.com/courses/6113},
    note            = {Statistics course at Blekinge Institute of Technology.}
}